@misc{MyCitation,
    author = "Boyd, Christian",
    year = "2025",
    note = "This is the citation body."
}